<record><leader>00000cas a2200000 a 4500</leader><controlfield tag="001">15023796</controlfield><controlfield tag="008">861230d19111919inucr ne      0    0eng c</controlfield><datafield ind1=" " ind2=" " tag="010"><subfield code="a">sn 86059164 </subfield></datafield><datafield ind1=" " ind2=" " tag="040"><subfield code="a">NPI</subfield><subfield code="b">eng</subfield><subfield code="c">NPI</subfield><subfield code="d">OCLCQ</subfield><subfield code="d">NPI</subfield><subfield code="d">OCLCQ</subfield><subfield code="d">IUL</subfield><subfield code="d">OCLCF</subfield></datafield><datafield ind1="1" ind2=" " tag="029"><subfield code="a">AU@</subfield><subfield code="b">000026207169</subfield></datafield><datafield ind1=" " ind2=" " tag="042"><subfield code="a">pcc</subfield></datafield><datafield ind1=" " ind2=" " tag="043"><subfield code="a">n-us-in</subfield></datafield><datafield ind1="0" ind2="4" tag="245"><subfield code="a">The Bicknell monitor.</subfield></datafield><datafield ind1=" " ind2=" " tag="260"><subfield code="a">Bicknell, Ind. :</subfield><subfield code="b">F.F. McNaughton,</subfield><subfield code="c">-1919.</subfield></datafield><datafield ind1=" " ind2=" " tag="300"><subfield code="a">8 volumes</subfield></datafield><datafield ind1=" " ind2=" " tag="310"><subfield code="a">Semiweekly</subfield></datafield><datafield ind1="1" ind2=" " tag="362"><subfield code="a">Began with May 27, 1911 issue.</subfield></datafield><datafield ind1="0" ind2=" " tag="362"><subfield code="a">-volume VIII, number 89 (April 25, 1919).</subfield></datafield><datafield ind1=" " ind2=" " tag="588"><subfield code="a">Description based on: Vol. VI, number 86 (April 3, 1917); title from masthead, U.S. Newspaper Archive (viewed June 26, 2017).</subfield></datafield><datafield ind1=" " ind2="0" tag="651"><subfield code="a">Bicknell (Ind.)</subfield><subfield code="v">Newspapers.</subfield></datafield><datafield ind1=" " ind2="0" tag="651"><subfield code="a">Knox County (Ind.)</subfield><subfield code="v">Newspapers.</subfield></datafield><datafield ind1=" " ind2="7" tag="651"><subfield code="a">Indiana</subfield><subfield code="z">Bicknell.</subfield><subfield code="2">fast</subfield><subfield code="0">(OCoLC)fst01224214</subfield></datafield><datafield ind1=" " ind2="7" tag="651"><subfield code="a">Indiana</subfield><subfield code="z">Knox County.</subfield><subfield code="2">fast</subfield><subfield code="0">(OCoLC)fst01219831</subfield></datafield><datafield ind1=" " ind2="7" tag="655"><subfield code="a">Newspapers.</subfield><subfield code="2">fast</subfield><subfield code="0">(OCoLC)fst01423814</subfield></datafield><datafield ind1=" " ind2=" " tag="752"><subfield code="a">United States</subfield><subfield code="b">Indiana</subfield><subfield code="c">Knox</subfield><subfield code="d">Bicknell.</subfield></datafield><datafield ind1="0" ind2="0" tag="780"><subfield code="t">Sandborn herald</subfield><subfield code="w">(DLC)sn2005062602</subfield><subfield code="w">(OCoLC)57531061</subfield></datafield><datafield ind1="0" ind2="7" tag="785"><subfield code="t">Bicknell herald-news</subfield><subfield code="w">(DLC)sn 86059168</subfield><subfield code="w">(OCoLC)15023791</subfield></datafield><datafield ind1="0" ind2="7" tag="785"><subfield code="t">Bicknell monitor and herald-news</subfield><subfield code="w">(DLC)sn 86059165</subfield><subfield code="w">(OCoLC)15023810</subfield></datafield><datafield ind1="4" ind2="1" tag="856"><subfield code="u">https://access.newspaperarchive.com/us/indiana/bicknell/bicknell-monitor</subfield></datafield><datafield ind1="4" ind2="1" tag="856"><subfield code="u">https://access.newspaperarchive.com/us/indiana/bicknell/bicknell-daily-news</subfield></datafield></record>